@book{Casella2001,
	title={Statistical inference},
	author={Casella, George and Berger, Roger L},
	year={2001},
	publisher={Duxbury}
}

@book{Lehmann2005,
	title={Testing Statistical Hypotheses},
	author={Lehmann, E and Romano, J},
	isbn={9780387276052},
	lccn={2004051464},
	series={Springer Texts in Statistics},
	url={https://books.google.com.br/books?id=K6t5qn-SEp8C},
	year={2005},
	publisher={Springer New York}
}
@book{lehmann2006theory,
	title={Theory of point estimation},
	author={Lehmann, E and Casella, George},
	year={1998},
	publisher={Springer Science \& Business Media}
}

@book{Durrett2019,
	place      = {Cambridge},
	edition    = {5},
	series     = {Cambridge Series in Statistical and Probabilistic Mathematics},
	title      = {Probability: Theory and Examples},
	doi        = {10.1017/9781108591034},
	publisher  = {Cambridge University Press},
	author     = {Durrett, Rick},
	year       = {2019},
	collection = {Cambridge Series in Statistical and Probabilistic Mathematics}
}

@book{ghosal2017fundamentals,
	title={Fundamentals of nonparametric Bayesian inference},
	author={Ghosal, Subhashis and Van der Vaart, Aad},
	volume={44},
	year={2017},
	publisher={Cambridge University Press}
}

@book{Schervish1995,
	doi = {10.1007/978-1-4612-4250-5},
	url = {https://doi.org/10.1007/978-1-4612-4250-5},
	year = {1995},
	publisher = {Springer New York},
	author = {Mark J. Schervish},
	title = {Theory of Statistics}
}